=LDR  00927 am a22002653i 4500
=001  016496566
=003  Uk
=005  20130912082500.0
=006  m\\\\||\\d\|\\\\\\
=007  cr\|||||||||||
=008  130912s2013\\\\enk\\\\\o\\\\\0|0\0|eng\\
=FMT  \\$a  BK
=245  \2$aA Healthier Scotland :$bCreating a New Food Body : Consultation Analysis.
=264  \1$aEdinburgh :$bScottish Government,$c2013.
=336  \\$atext$2rdacontent
=337  \\$acomputer$2rdamedia
=338  \\$aonline resource$2rdacarrier
=500  \\$aHealth and Community Care.
=856  40$uhttp://www.scotland.gov.uk/Resource/0043/00430842.pdf
=852  41$aBritish Library$bHMNTS$2ELD Digital store
=CAT  \\$a10983$b40$c20130912$lBLL01$h0824
=CAT  \\$a10983$b40$c20130912$lBLL01$h0825
=CAT  \\$aW1711-1225$c20171203$lBLL01$h1054
=STA  \\$aSUPPRESSED$bunable to determine reason for suppression
=LAS  \\$aW1711-1225$b00$c20171203$lBLL01$h1054

