=LDR  01567 am a2200409 i 4500
=001  016591043
=003  Uk
=005  20141204163518.0
=006  m||||||||d||||||||
=007  cr||||||||||||
=008  140619s2009\\\\enk\\\\\o|\\\\000\0\eng|d
=FMT  \\$a  BK
=015  \\$aGBB4E2367$2bnb
=040  \\$aStDuBDS$beng$cStDuBDS$erda$epn
=042  \\$aukblsr
=082  04$a344.4103566$223
=245  00$aUnlocking experience :$blegal services commission prison law funding consultation : giving prisoners are voice!.
=264  \1$aSnodland, Kent :$bUnlocked,$cMay 2009.
=300  \\$a1 online resource (18 pages)
=336  \\$atext$2rdacontent
=337  \\$acomputer$2rdamedia
=338  \\$aonline resource$2rdacarrier
=588  \\$aDescription based on online resource; title from PDF title page (viewed on July 10, 2014).
=690  7\$aSocial Welfare$2blcoll
=650  \0$aLegal assistance to prisoners$zGreat Britain.
=650  \0$aLegal aid$zGreat Britain.
=710  2\$aUnlock (Organisation),$eissuing body.
=856  40$uhttp://www.unlock.org.uk/userfiles/file/unlockingexperience/LSC%20Prison%20Law%20Consultation%20responses(1).pdf
=852  41$aBritish Library$bHMNTS$2Digital store
=985  \\$aNETCAT record
=CAT  \\$a12664$b40$c20131231$lBLL01$h1442
=CAT  \\$aBATCH-SURR$b00$c20141204$lBLL01$h1633
=CAT  \\$aW1711-1225$c20171203$lBLL01$h1054
=FIN  \\$aY$d20141204
=SRC  \\$aNETCAT$bNETCATEM.mrc.20141204
=STA  \\$aSUPPRESSED$bunable to determine reason for suppression
=LAS  \\$aW1711-1225$b00$c20171203$lBLL01$h1054

